%TODO All sources used?

@conference{nuioa_intro,
  author    = {Brice Goglin and Stéphanie Moreaud},
  booktitle = {CASS 2011: The 1st Workshop on Communication Architecture for Scalable Systems, held in conjunction with IPDPS 2011},
  title     = {Dodging Non-Uniform I/O Access in Hierarchical Collective Operations for Multicore Clusters},
  year      = {2011}
}

@inproceedings{hpc_intro,
  author    = {Chavarría-Miranda, Daniel and Huang, Zhenyu and Chen, Yousu},
  booktitle = {2012 IEEE Power and Energy Society General Meeting},
  title     = {High-performance computing (HPC): Application \& use in the power grid},
  year      = {2012},
  volume    = {},
  number    = {},
  pages     = {1-7},
  keywords  = {Instruction sets;Hardware;Computers;Arrays;Libraries;Sparse matrices;High Performance Computing;Parallel Computing;Power Engineering;State Estimation;Contingency Analysis},
  doi       = {10.1109/PESGM.2012.6345493}
}

@inbook{mpi_intro,
  author = {Nielsen, Frank},
  year   = {2016},
  month  = {02},
  pages  = {21-62},
  title  = {Introduction to MPI: The Message Passing Interface},
  isbn   = {978-3-319-21902-8},
  doi    = {10.1007/978-3-319-21903-5_2}
}

@inproceedings{topology_intro,
  author    = {Saad B. Alotaibi and Dr. Fathy alboraei},
  booktitle = {(IJACSA) International Journal of Advanced Computer Science and Applications,
               Vol. 9, No. 10},
  title     = {Topology-Aware Mapping Techniques for
               Heterogeneous HPC Systems: A Systematic Survey},
  year      = {2018}
}

@article{openmp_intro,
  author  = {François Broquedis and Nathalie Furmento and Brice Goglin and Pierre-André Wacrenier and Raymond Namyst},
  journal = {International Journal of Parallel Programming},
  title   = {ForestGOMP: an efficient OpenMP environment for NUMA architectures},
  year    = {2010}
}

@inproceedings{hwloc_paper,
  author    = {Broquedis, Francois and Clet-Ortega, Jérôme and Moreaud, Stéphanie and Furmento, Nathalie and Goglin, Brice and Mercier, Guillaume and Thibault, Samuel and Namyst, Raymond},
  booktitle = {2010 18th Euromicro Conference on Parallel, Distributed and Network-based Processing},
  title     = {hwloc: A Generic Framework for Managing Hardware Affinities in HPC Applications},
  year      = {2010},
  volume    = {},
  number    = {},
  pages     = {180-186},
  keywords  = {Multicore processing;Application software;Computer architecture;Software libraries;Bandwidth;Concurrent computing;Memory management;Hardware Topology Affinities Placement MPI OpenMP},
  doi       = {10.1109/PDP.2010.67}
}

@misc{sys-sage,
  author       = {Stepan Vanecek},
  title        = {sys-sage},
  howpublished = {\url{https://github.com/caps-tum/sys-sage/tree/master?tab=readme-ov-file}},
  note         = {Accessed: 2024-04-29}
}

@misc{hwloc,
  author       = {Broquedis, Francois and Clet-Ortega, Jérôme and Moreaud, Stéphanie and Furmento, Nathalie and Goglin, Brice and Mercier, Guillaume and Thibault, Samuel and Namyst, Raymond},
  title        = {Portable Hardware Locality (hwloc)},
  howpublished = {\url{https://www.open-mpi.org/projects/hwloc/}},
  note         = {Accessed: 2024-04-29}
}

@inproceedings{crotty22-mmap,
  author    = {Crotty, Andrew and Leis, Viktor and Pavlo, Andrew},
  title     = {Are You Sure You Want to Use MMAP in Your Database Management System?},
  booktitle = {{CIDR} 2022, Conference on Innovative Data Systems Research},
  year      = {2022}
}